@article{sayin2003,
author = {Sayin, Serpil},
year = {2003},
month = {07},
pages = {229-230},
title = {Kaisa M. Miettinen Nonlinear Multiobjective Optimization Kluwer Academic Publishers, 1999 ISBN 0-7923-8278-1, 320 pages.},
volume = {148},
journal = {European Journal of Operational Research},
doi = {10.1016/S0377-2217(02)00303-X}
}

@inproceedings{Li2014,
author = {Li, Yang and Zhou, Aimin and Zhang, Guixu},
year = {2014},
month = {07},
pages = {397-404},
title = {An MOEA/D with multiple differential evolution mutation operators},
journal = {Proceedings of the 2014 IEEE Congress on Evolutionary Computation, CEC 2014},
doi = {10.1109/CEC.2014.6900339}
}

@ARTICLE{Li2009,  
author={H. {Li} and Q. {Zhang}},  
journal={IEEE Transactions on Evolutionary Computation},   
title={Multiobjective Optimization Problems With Complicated Pareto Sets, MOEA/D and NSGA-II},   
year={2009},  
volume={13},  
number={2},  
pages={284-302},  
doi={10.1109/TEVC.2008.925798}
}

@inproceedings{Qingfu2009,  
title     = "The performance of a new version of MOEA/D on CEC09 unconstrained MOP test instances",  
abstract  = "This paper describes the idea of MOEA/D and proposes a strategy for allocating the computational resource to different subproblems in MOEA/D. The new version of MOEA/D has been tested on all the CEC09 unconstrained MOP test instances. {\textcopyright} 2009 IEEE.",  keywords  = "MOEA/D, Multiobjective optimization, Test problems",  
author    = "Qingfu Zhang and Wudong Liu and Hui Li", 
year      = "2009",  
doi       = "10.1109/CEC.2009.4982949",  
language  = "English",  
isbn      = "9781424429592",  
pages     = "203--208",  booktitle = "2009 IEEE Congress on Evolutionary Computation, CEC 2009",  
note      = "2009 IEEE Congress on Evolutionary Computation, CEC 2009 ; Conference date: 18-05-2009 Through 21-05-2009", }

@article{Zhang2008,
author = {Zhang, Qingfu and Li, Hui},
year = {2008},
month = {01},
pages = {712 - 731},
title = {MOEA/D: A Multiobjective Evolutionary Algorithm Based on Decomposition},
volume = {11},
journal = {Evolutionary Computation, IEEE Transactions on},
doi = {10.1109/TEVC.2007.892759}
}

@inproceedings{FranciscoV2010,
author = {Liu, Bo and Fernandez, Francisco V. and Zhang, Qingfu and Pak, Murat and Sipahi, Suha and Gielen, Georges},
year = {2010},
month = {08},
pages = {1 - 7},
title = {An enhanced MOEA/D-DE and its application to multiobjective analog cell sizing},
doi = {10.1109/CEC.2010.5585957}
}

@misc{zdt3,
title = {{ETH - SOP - Downloads/Material - Supplementary Material - Testproblems - ZDT 3}},
url = {https://sop.tik.ee.ethz.ch/download/supplementary/testproblems/zdt3/index.php},
urldate = {2021-03-23}
}

@ARTICLE{Deb2002,  
author={K. {Deb} and A. {Pratap} and S. {Agarwal} and T. {Meyarivan}},  
journal={IEEE Transactions on Evolutionary Computation},   
title={A fast and elitist multiobjective genetic algorithm: NSGA-II},  
 year={2002},  
 volume={6},  
 number={2},  
 pages={182-197},  
 doi={10.1109/4235.996017}}